<?xml version="1.0" encoding="UTF-8"?><collection xmlns="http://www.loc.gov/MARC21/slim"><record><leader>00378nam--2200133-i-4500</leader><controlfield tag="001">000038122</controlfield><controlfield tag="002">20161230</controlfield><controlfield tag="005">20161230201041</controlfield><controlfield tag="008">060222s1000------------r-----000-0-eng-d</controlfield><datafield ind1=" " ind2=" " tag="245"><subfield code="a">Reactors</subfield></datafield><datafield ind1=" " ind2=" " tag="260"><subfield code="a">New York, Pergamon Press, 1956. X+492p.+fig</subfield></datafield><datafield ind1=" " ind2=" " tag="490"><subfield code="a">Progress In Nuclear Energy. Series Ii</subfield></datafield><datafield ind1=" " ind2=" " tag="700"><subfield code="a">Charpie,R.A.,Littler,D.J., Hughes,D.J., Trocheris,M</subfield></datafield><datafield ind1=" " ind2=" " tag="852"><subfield code="a">11191</subfield></datafield></record></collection>